@online{lorentztransformations,
    title     = {The {Lorentz} transformation - {University} of {Oxford} {Department} of {Physics}} ,
    url       = "https://users.physics.ox.ac.uk/~smithb/website/coursenotes",
    note = { \url{https://users.physics.ox.ac.uk/~smithb/website/coursenotes}, 2016-11-28},
}

@book{rindlercoordinates,
    title={Essential Relativity: Special, General, and Cosmological.},
    author={Wolfgang Rindler},
    isbn={9781475711356},
    series={International series of monographs on physics},
    year={1969},
    publisher={New York, Van Nostrand Reinhold Co},
    pages =        "207--212",

}

@book{carollspacetime,
    title={Spacetime and Geometry: An Introduction to General Relativity},
    author={Sean Caroll},
    isbn={0805387323},
    year={2004},
    publisher={Addison Wesley},
    pages = "412--421",
}
 
@article{simplifiedderivation,
    author =       {Paul M. Alsing and Peter W. Milonni},
    title =        {Simplified derivation of the {Hawking-Unruh} temperature for an accelerated observer in vacuum},
    journal =      "American Journal of Physics",
    volume =       "72",
    number =       "12",
    pages =        "1524 -- 1529",
    year =         "2004",
    DOI =          "10.1119/1.1761064"
}

@online{bhspacetime,
    title     = {Black {H}ole {S}ketch},
    url       = "http://pics-about-space.com/black-hole-sketch?p=1\#",
    urldate = {2016-12-04},
    note = { \url{http://pics-about-space.com/black-hole-sketch?p=1\#}, 2016-12-04},    
}

@article{surfacegravity,
    author =       "J. Bardeen and  B. Carter and S.  Hawking",
    title =        {The {Four} {Laws} of {Black} {Hole} {Mechanics}},
    journal =      "Communications in Mathematical Physics",
    volume =       "31",
    number =       "2",
    pages =        "161 -- 170",
    year =         "1973",
    url       = "http://projecteuclid.org/euclid.cmp/110385897"
}


@online{hawkradpicture,
    title     = {Black {H}oles - {A} {C}loser look at {H}awking {R}adiation},
    url       = "http://minerva.union.edu/diiorios/physics123/moreinfohawkingrad.html",
    urldate = {2016-12-03},
    note = { \url{http://minerva.union.edu/diiorios/physics123/moreinfohawkingrad.html}, 2016-12-03},
}


@book{hartlegrav,
    title={Gravity - An introduction to Einstein`s General Relativity},
    author={James B. Hartle},
    isbn={0805386629},
    year={2009},
    publisher={Pearson Education},
    pages = "292 -- 294",
}

@book{schutz,
    title={A first course in General Relativity},
    author={Bernard Schutz},
    isbn={978-0-511-53995-4},
    year={2004},
    publisher={Cambridge University Press},
    pages = "323 -- 327",
}

@book{massuniverse,
    title={The Goldilocks Enigma: Why Is the Universe Just Right for Life },
    author={Paul Davies},
    isbn={9780547053585},
    year={2006},
    publisher={First Mariner Books},
    pages = "43",
}

@online{asteroid,
    title     = {Information on {Selected} {Asteroids}},
    url       = "http://nssdc.gsfc.nasa.gov/planetary/factsheet/asteroidfact.html",
    urldate = {2016-11-29},
    note = { \url{http://nssdc.gsfc.nasa.gov/planetary/factsheet/asteroidfact.html}, 2016-11-29},
}

@online{massuniverse3,
    title     = {What is the mass of the {Universe}?},
    url       = "http://curious.astro.cornell.edu/about-us/101-the-universe/cosmology-and-the-big-bang/general-questions/579-what-is-the-mass-of-the-universe-intermediate",
    note = { \url{http://curious.astro.cornell.edu/about-us/101-the-universe/cosmology-and-the-big-bang/general-questions/579-what-is-the-mass-of-the-universe-intermediate}, 2016-11-29}
}

