@misc{craig2013searching,
    title={Searching for Signs of the Second Higgs Doublet},
    author={Nathaniel Craig and Jamison Galloway and Scott Thomas},
    year={2013},
    eprint={1305.2424},
    archivePrefix={arXiv},
    primaryClass={hep-ph}
}

@article{DJOUADI20081,
title = "The anatomy of electroweak symmetry breaking Tome II: The Higgs bosons in the Minimal Supersymmetric Model",
journal = "Physics Reports",
volume = "459",
number = "1",
pages = "1 - 241",
year = "2008",
issn = "0370-1573",
doi = "https://doi.org/10.1016/j.physrep.2007.10.005",
url = "http://www.sciencedirect.com/science/article/pii/S0370157307004346",
author = "Abdelhak Djouadi",
abstract = "The second part of this review is devoted to the Higgs sector of the Minimal Supersymmetric Standard Model. The properties of the neutral and charged Higgs bosons of the extended Higgs sector are summarized and their decay modes and production mechanisms at hadron colliders and at future lepton colliders are discussed."
}

@article{Abdallah_2015,
   title={Simplified models for dark matter searches at the LHC},
   volume={9-10},
   ISSN={2212-6864},
   url={http://dx.doi.org/10.1016/j.dark.2015.08.001},
   DOI={10.1016/j.dark.2015.08.001},
   journal={Physics of the Dark Universe},
   publisher={Elsevier BV},
   author={Abdallah, Jalal and Araujo, Henrique and Arbey, Alexandre and Ashkenazi, Adi and Belyaev, Alexander and Berger, Joshua and Boehm, Celine and Boveia, Antonio and Brennan, Amelia and Brooke, Jim and et al.},
   year={2015},
   month={Sep},
   pages={8–23}
}

@article{Kim_2010,
   title={Axions and the strongCPproblem},
   volume={82},
   ISSN={1539-0756},
   url={http://dx.doi.org/10.1103/RevModPhys.82.557},
   DOI={10.1103/revmodphys.82.557},
   number={1},
   journal={Reviews of Modern Physics},
   publisher={American Physical Society (APS)},
   author={Kim, Jihn E. and Carosi, Gianpaolo},
   year={2010},
   month={Mar},
   pages={557–601}
}

@article{Cohen_1993,
   title={Progress in Electroweak Baryogenesis},
   volume={43},
   ISSN={1545-4134},
   url={http://dx.doi.org/10.1146/annurev.ns.43.120193.000331},
   DOI={10.1146/annurev.ns.43.120193.000331},
   number={1},
   journal={Annual Review of Nuclear and Particle Science},
   publisher={Annual Reviews},
   author={Cohen, A G and Kaplan, D B and Nelson, A E},
   year={1993},
   month={Dec},
   pages={27–70}
}

@article{King_2003,
   title={Neutrino mass models},
   volume={67},
   ISSN={1361-6633},
   url={http://dx.doi.org/10.1088/0034-4885/67/2/R01},
   DOI={10.1088/0034-4885/67/2/r01},
   number={2},
   journal={Reports on Progress in Physics},
   publisher={IOP Publishing},
   author={King, S F},
   year={2003},
   month={Dec},
   pages={107–157}
}

@misc{bbjetsdiagram,
  author = {ATLAS Collaboration},
  title = {{Searches for Standard Model (SM) and Beyond Standard Model (BSM) Higgs Boson}},
  howpublished={\url{https://www.phys.sinica.edu.tw/~smwang/as_cdf_atlas/atlas/physics/sm_higgs/sm_higgs.html}},
  note = "[Online; accessed 12-December-2019]"
}

@misc{atlascoordinatesystem,
howpublished={\url{http://cds.cern.ch/record/1699952/plots}},
  note = "[Online; accessed 12-November-2019]"
}