@article{HeisenbergUR,
author="Heisenberg, W.",
title="{Uber den anschaulichen Inhalt der quantentheoretischen Kinematik und Mechanik}",
journal="Zeitschrift f{\"u}r Physik",
year="1927",
%month="March",
day="01",
volume="43",
number="3",
pages="172--198",
issn="0044-3328",
doi="10.1007/BF01397280",
url="https://doi.org/10.1007/BF01397280"
}

@article{Pavsic,
author="Pavsic, M.",
title="{On the Interpretation of the
Relativistic Quantum Mechanics with
Invariant Evolution Parameter}",
year="1991",
%month="September",
day="19",
volume="21",
number="9",
%issn="0044-3328",
%doi="10.1007/BF01397280",
url="https://link.springer.com/content/pdf/10.1007/BF00733384.pdf"
}

@article{RobertsonUR,
  title = "{The Uncertainty Principle}",
  author = {Robertson, H. P.},
  journal = {Phys. Rev.},
  volume = {34},
  issue = {1},
  pages = {163--164},
  numpages = {0},
  year = {1929},
%  month = {July},
  publisher = {American Physical Society},
  doi = {10.1103/PhysRev.34.163},
  url = {https://link.aps.org/doi/10.1103/PhysRev.34.163}
}

@Article{Born,
author="Born, M.",
title="{Zur Quantenmechanik der Sto{\ss}vorg{\"a}nge}",
journal="Zeitschrift f{\"u}r Physik",
year="1926",
month="Dec",
day="01",
volume="37",
number="12",
pages="863--867",
abstract="Durch eine Untersuchung der Sto{\ss}vorg{\"a}nge wird die Auffassung entwickelt, da{\ss} die Quantenmechanik in der Schr{\"o}dingerschen Form nicht nur die station{\"a}ren Zust{\"a}nde, sondern auch die Quantenspr{\"u}nge zu beschreiben gestattet.",
issn="0044-3328",
doi="10.1007/BF01397477",
url="https://doi.org/10.1007/BF01397477"
}

